<?xml version="1.0" encoding="UTF-8"?><collection xmlns="http://www.loc.gov/MARC21/slim"><record><leader>00362nam--2200133-i-4500</leader><controlfield tag="001">000008179</controlfield><controlfield tag="002">20161230</controlfield><controlfield tag="005">20161230201027</controlfield><controlfield tag="008">060222s1000------------r-----000-0-eng-d</controlfield><datafield ind1=" " ind2=" " tag="245"><subfield code="a">Data processing in public and university libraries</subfield></datafield><datafield ind1=" " ind2=" " tag="260"><subfield code="a">Washington, Spartan Books, 1966</subfield></datafield><datafield ind1=" " ind2=" " tag="490"><subfield code="a">Drexel Information Science Series</subfield></datafield><datafield ind1=" " ind2=" " tag="700"><subfield code="a">Harvey, John</subfield></datafield><datafield ind1=" " ind2=" " tag="852"><subfield code="a">02</subfield></datafield></record></collection>